
%Carswell, B., Shaye, J., and Kim, T.S. 2002, ApJ, 578, 43
@ARTICLE{2002ApJ...578...43C,
   author = {{Carswell}, B. and {Schaye}, J. and {Kim}, T.-S.},
    title = "{The Enrichment History of the Intergalactic Medium: O VI in Ly{$\alpha$} Forest Systems at Redshift z\~{}2}",
  journal = {\apj},
   eprint = {astro-ph/0204370},
 keywords = {Cosmology: Miscellaneous, Galaxies: Formation, Galaxies: Intergalactic Medium, Galaxies: Quasars: Absorption Lines, Galaxies: Quasars: Individual: Alphanumeric: HE 1122-1648, Galaxies: Quasars: Individual: Alphanumeric: HE 2217-2818},
     year = 2002,
    month = oct,
   volume = 578,
    pages = {43-59},
      doi = {10.1086/342404},
   adsurl = {http://adsabs.harvard.edu/abs/2002ApJ...578...43C},
  adsnote = {Provided by the SAO/NASA Astrophysics Data System}
}
%Summary:



@ARTICLE{2013ApJ...770..139C,
   author = {{Cen}, R.},
    title = "{Composition of Low-redshift Halo Gas}",
  journal = {\apj},
archivePrefix = "arXiv",
   eprint = {1304.3466},
 primaryClass = "astro-ph.CO",
 keywords = {cosmology: theory, galaxies: halos, hydrodynamics, intergalactic medium, supernovae: general },
     year = 2013,
    month = jun,
   volume = 770,
      eid = {139},
    pages = {139},
      doi = {10.1088/0004-637X/770/2/139},
   adsurl = {http://adsabs.harvard.edu/abs/2013ApJ...770..139C},
  adsnote = {Provided by the SAO/NASA Astrophysics Data System}
}


@ARTICLE{2014ApJ...789L..21C,
   author = {{Cen}, R.},
    title = "{Evolution of Cold Streams and the Emergence of the Hubble Sequence}",
  journal = {\apjl},
archivePrefix = "arXiv",
   eprint = {1405.0516},
 keywords = {cosmology: theory, galaxies: formation, galaxies: high-redshift, galaxies: interactions, hydrodynamics, methods: numerical},
     year = 2014,
    month = jul,
   volume = 789,
      eid = {L21},
    pages = {L21},
      doi = {10.1088/2041-8205/789/1/L21},
   adsurl = {http://adsabs.harvard.edu/abs/2014ApJ...789L..21C},
  adsnote = {Provided by the SAO/NASA Astrophysics Data System}
}
%Summary:



%Chen, H.W., Lanzetta, K. M., Webb, J.K., & Barcons, X. 1998, ApJ, 498, 77
@ARTICLE{1998ApJ...498...77C,
   author = {{Chen}, H.-W. and {Lanzetta}, K.~M. and {Webb}, J.~K. and {Barcons}, X.
	},
    title = "{The Gaseous Extent of Galaxies and the Origin of Ly{$\alpha$} Absorption Systems. III. Hubble Space Telescope Imaging of Ly{$\alpha$}-absorbing Galaxies at z {\lt} 1}",
  journal = {\apj},
   eprint = {astro-ph/9710310},
 keywords = {GALAXIES: QUASARS: ABSORPTION LINES, GALAXIES: CLUSTERS: GENERAL, GALAXIES: DISTANCES AND REDSHIFTS, Galaxies: Clusters: General, Galaxies: Distances and Redshifts, Galaxies: Quasars: Absorption Lines},
     year = 1998,
    month = may,
   volume = 498,
    pages = {77-94},
      doi = {10.1086/305554},
   adsurl = {http://adsabs.harvard.edu/abs/1998ApJ...498...77C},
  adsnote = {Provided by the SAO/NASA Astrophysics Data System}
}
%Summary: In the same series of papers as Chen et al. 2001 (below).



%Chen, H.W., Lanzetta, K. M., Webb, J.K., & Barcons, X. 2001, ApJ, 559, 654
@ARTICLE{2001ApJ...559..654C,
   author = {{Chen}, H.-W. and {Lanzetta}, K.~M. and {Webb}, J.~K. and {Barcons}, X.
	},
    title = "{The Gaseous Extent of Galaxies and the Origin of Ly{$\alpha$} Absorption Systems. V. Optical and Near-Infrared Photometry of Ly{$\alpha$}-absorbing Galaxies at z{\lt}1}",
  journal = {\apj},
   eprint = {astro-ph/0107137},
 keywords = {Galaxies: Evolution, Galaxies: Halos, Galaxies: ISM, Galaxies: Quasars: Absorption Lines},
     year = 2001,
    month = oct,
   volume = 559,
    pages = {654-674},
      doi = {10.1086/322414},
   adsurl = {http://adsabs.harvard.edu/abs/2001ApJ...559..654C},
  adsnote = {Provided by the SAO/NASA Astrophysics Data System}
}
%Summary: In the same series of papers as Chen et al. 1998 (above)



@ARTICLE{2005ApJ...618..178C,
   author = {{C{\^o}t{\'e}}, S. and {Wyse}, R.~F.~G. and {Carignan}, C. and 
	{Freeman}, K.~C. and {Broadhurst}, T.},
    title = "{Probing Halos of Galaxies at Very Large Radii Using Background QSOs}",
  journal = {\apj},
   eprint = {astro-ph/0410288},
 keywords = {Galaxies: Halos, Galaxies: ISM, Galaxies: Spiral, Galaxies: Quasars: Absorption Lines},
     year = 2005,
    month = jan,
   volume = 618,
    pages = {178-194},
      doi = {10.1086/425853},
   adsurl = {http://adsabs.harvard.edu/abs/2005ApJ...618..178C},
  adsnote = {Provided by the SAO/NASA Astrophysics Data System}
}
%Summary: Probing CGM of 9 galaxies with cz<6000km/s with GHRS and STIS between impact parameters of 55 and 387 h^-1_75 kpc. Detected Lya out to 170 h^-1_75 kpc. No evidence for extended rotating disk/Lya velocity does not follow rotation curve (but only 3 data points). Suggest that Lya comes from cosmic web (following Bowen et al. 2002).



%de Vaucouleurs, G. et al. 1994, AJ, 108, 2128
@ARTICLE{1994AJ....108.2128C,
   author = {{Corwin}, Jr., H.~G. and {Buta}, R.~J. and {de Vaucouleurs}, G.
	},
    title = "{Corrections and additions to the third reference catalogue of bright galaxies}",
  journal = {\aj},
 keywords = {Addition, Astronomical Catalogs, Correction, Galaxies, Color, Error Analysis, Magnitude, Position (Location), Red Shift, Tables (Data)},
     year = 1994,
    month = dec,
   volume = 108,
    pages = {2128-2144},
      doi = {10.1086/117225},
   adsurl = {http://adsabs.harvard.edu/abs/1994AJ....108.2128C},
  adsnote = {Provided by the SAO/NASA Astrophysics Data System}
}



%Danforth, C.W. & Shull, J.M. 2005, ApJ, 624, 555
@ARTICLE{2005ApJ...624..555D,
   author = {{Danforth}, C.~W. and {Shull}, J.~M.},
    title = "{The Low-z Intergalactic Medium. I. O VI Baryon Census}",
  journal = {\apj},
   eprint = {astro-ph/0501054},
 keywords = {Cosmology: Cosmological Parameters, Cosmology: Observations, Galaxies: Intergalactic Medium, Galaxies: Quasars: Absorption Lines},
     year = 2005,
    month = may,
   volume = 624,
    pages = {555-560},
      doi = {10.1086/429285},
   adsurl = {http://adsabs.harvard.edu/abs/2005ApJ...624..555D},
  adsnote = {Provided by the SAO/NASA Astrophysics Data System}
}
%Summary: FUSE survey at z<0.15 of 31 sight lines toward which 129 Lya systems are seen, searching for higher Lyman series features, OVI, and CIII.



%Danforth, C.W. et al. 2006, ApJ, 640, 716
@ARTICLE{2006ApJ...640..716D,
   author = {{Danforth}, C.~W. and {Shull}, J.~M. and {Rosenberg}, J.~L. and 
	{Stocke}, J.~T.},
    title = "{The Low-z Intergalactic Medium. II. Ly{$\beta$}, O VI, and C III Forest}",
  journal = {\apj},
   eprint = {astro-ph/0508656},
 keywords = {Cosmology: Cosmological Parameters, Cosmology: Observations, Galaxies: Intergalactic Medium, Galaxies: Quasars: Absorption Lines},
     year = 2006,
    month = apr,
   volume = 640,
    pages = {716-740},
      doi = {10.1086/500191},
   adsurl = {http://adsabs.harvard.edu/abs/2006ApJ...640..716D},
  adsnote = {Provided by the SAO/NASA Astrophysics Data System}
}
%Summary: Part 2 of the FUSE survey (above)



%Danforth, C.W. & Shull, J.M. 2008, ApJ, 679, 194
@ARTICLE{2008ApJ...679..194D,
   author = {{Danforth}, C.~W. and {Shull}, J.~M.},
    title = "{The Low-z Intergalactic Medium. III. H I and Metal Absorbers at z {\lt} 0.4}",
  journal = {\apj},
archivePrefix = "arXiv",
   eprint = {0709.4030},
 keywords = {Cosmology: Cosmological Parameters, Cosmology: Observations, Galaxies: Intergalactic Medium, Galaxies: Quasars: Absorption Lines, Ultraviolet: General},
     year = 2008,
    month = may,
   volume = 679,
    pages = {194-219},
      doi = {10.1086/587127},
   adsurl = {http://adsabs.harvard.edu/abs/2008ApJ...679..194D},
  adsnote = {Provided by the SAO/NASA Astrophysics Data System}
}
%Summary: Part 3 of the FUSE survey (above)


% Now is Danforth 2015, still only 'submitted'
@ARTICLE{2014arXiv1402.2655D,
   author = {{Danforth}, C.~W. and {Keeney}, B.~A. and {Tilton}, E.~M. and 
	{Shull}, J.~M. and {Stevans}, M. and {Pieri}, M.~M. and {Stocke}, J.~T. and 
	{Savage}, B.~D. and {France}, K. and {Syphers}, D. and {Smith}, B.~D. and 
	{Green}, J.~C. and {Froning}, C. and {Penton}, S.~V. and {Osterman}, S.~N.
	},
    title = "{An HST/COS Survey of the Low-Redshift IGM. I. Survey, Methodology, {\amp} Overall Results}",
  journal = {ArXiv e-prints},
archivePrefix = "arXiv",
   eprint = {1402.2655},
 keywords = {Astrophysics - Cosmology and Nongalactic Astrophysics},
     year = 2014,
    month = feb,
   adsurl = {http://adsabs.harvard.edu/abs/2014arXiv1402.2655D},
  adsnote = {Provided by the SAO/NASA Astrophysics Data System}
}


@ARTICLE{2008ApJ...674..151E,
   author = {{Erb}, D.~K.},
    title = "{A Model for Star Formation, Gas Flows, and Chemical Evolution in Galaxies at High Redshifts}",
  journal = {\apj},
archivePrefix = "arXiv",
   eprint = {0710.4146},
 keywords = {Galaxies: Abundances, Galaxies: Evolution, Galaxies: High-Redshift},
     year = 2008,
    month = feb,
   volume = 674,
    pages = {151-156},
      doi = {10.1086/524727},
   adsurl = {http://adsabs.harvard.edu/abs/2008ApJ...674..151E},
  adsnote = {Provided by the SAO/NASA Astrophysics Data System}
}
%Summary:


@ARTICLE{1972MmRAS..75...85H,
   author = {{Heidmann}, J. and {Heidmann}, N. and {de Vaucouleurs}, G.},
    title = "{Inclination and absorption effects on the apparent diameters, optical luminosities and neutral hydrogen radiation of galaxies{\mdash}I. Optical and 21-cm line data}",
  journal = {\memras},
     year = 1972,
   volume = 75,
    pages = {85},
   adsurl = {http://adsabs.harvard.edu/abs/1972MmRAS..75...85H},
  adsnote = {Provided by the SAO/NASA Astrophysics Data System}
}
 Summary: Inclination paper 1. Mostly talks about different diameter measurements, and is mostly useless and out of date.



@ARTICLE{1996MNRAS.283..316J,
   author = {{Jones}, H. and {Davies}, J.~I. and {Trewhella}, M.},
    title = "{The distribution of galactic inclinations - a clue to opacity?}",
  journal = {\mnras},
     year = 1996,
    month = nov,
   volume = 283,
    pages = {316},
      doi = {10.1093/mnras/283.1.316},
   adsurl = {http://adsabs.harvard.edu/abs/1996MNRAS.283..316J},
  adsnote = {Provided by the SAO/NASA Astrophysics Data System}
}
% Summary: The observed non-flat distribution of galaxy inclinations is due to opacity effects. q0 = 0.2.




%Kacprzak, G.G., et al. 2011, MNRAS, 416, 3118 
@ARTICLE{2011MNRAS.416.3118K,
   author = {{Kacprzak}, G.~G. and {Churchill}, C.~W. and {Evans}, J.~L. and 
	{Murphy}, M.~T. and {Steidel}, C.~C.},
    title = "{Morphological properties of z{\tilde} 0.5 absorption-selected galaxies: the role of galaxy inclination}",
  journal = {\mnras},
archivePrefix = "arXiv",
   eprint = {1106.3068},
 primaryClass = "astro-ph.CO",
 keywords = {galaxies: haloes, galaxies: ISM, quasars: absorption lines},
     year = 2011,
    month = oct,
   volume = 416,
    pages = {3118-3137},
      doi = {10.1111/j.1365-2966.2011.19261.x},
   adsurl = {http://adsabs.harvard.edu/abs/2011MNRAS.416.3118K},
  adsnote = {Provided by the SAO/NASA Astrophysics Data System}
}
%Summary:



%Kacprzak, G.G., et al. 2011, ApJ, 733, 105
@ARTICLE{2011ApJ...733..105K,
   author = {{Kacprzak}, G.~G. and {Churchill}, C.~W. and {Barton}, E.~J. and 
	{Cooke}, J.},
    title = "{Halo Gas and Galaxy Disk Kinematics of a Volume-limited Sample of Mg II Absorption-selected Galaxies at z \~{} 0.1}",
  journal = {\apj},
archivePrefix = "arXiv",
   eprint = {1102.4339},
 primaryClass = "astro-ph.CO",
 keywords = {galaxies: halos, galaxies: kinematics and dynamics, intergalactic medium, quasars: absorption lines},
     year = 2011,
    month = jun,
   volume = 733,
      eid = {105},
    pages = {105},
      doi = {10.1088/0004-637X/733/2/105},
   adsurl = {http://adsabs.harvard.edu/abs/2011ApJ...733..105K},
  adsnote = {Provided by the SAO/NASA Astrophysics Data System}
}
%Summary: 



%Kacprzak, G.G., et al. 2012, ApJL, 760, L7
@ARTICLE{2012ApJ...760L...7K,
   author = {{Kacprzak}, G.~G. and {Churchill}, C.~W. and {Nielsen}, N.~M.
	},
    title = "{Tracing Outflows and Accretion: A Bimodal Azimuthal Dependence of Mg II Absorption}",
  journal = {\apjl},
archivePrefix = "arXiv",
   eprint = {1205.0245},
 primaryClass = "astro-ph.CO",
 keywords = {galaxies: halos, intergalactic medium, quasars: absorption lines},
     year = 2012,
    month = nov,
   volume = 760,
      eid = {L7},
    pages = {L7},
      doi = {10.1088/2041-8205/760/1/L7},
   adsurl = {http://adsabs.harvard.edu/abs/2012ApJ...760L...7K},
  adsnote = {Provided by the SAO/NASA Astrophysics Data System}
}
%Summary: 



%Keeney, B. et al. 2013, American Astronomical Society Meeting 
%Abstracts, 222, 214.18
@INPROCEEDINGS{2013AAS...22221418K,
   author = {{Keeney}, B.~A. and {Stocke}, J.~T. and {Syphers}, D. and {Yamamoto}, H. and 
	{Wakker}, B.~P. and {Savage}, B.~D. and {Penton}, S.~V. and 
	{Green}, J.~C.},
    title = "{Gas and Galaxies in the Cosmic Web: A WIYN/HYDRA Galaxy Redshift Survey around HST/COS Target Sight Lines}",
booktitle = {American Astronomical Society Meeting Abstracts},
     year = 2013,
   series = {American Astronomical Society Meeting Abstracts},
   volume = 222,
    month = jun,
    pages = {214.18},
   adsurl = {http://adsabs.harvard.edu/abs/2013AAS...22221418K},
  adsnote = {Provided by the SAO/NASA Astrophysics Data System}
}



%Kere{\v s}, D. \& Hernquist, L. 2009, ApJL, 700, 1
@ARTICLE{2009ApJ...700L...1K,
   author = {{Kere{\v s}}, D. and {Hernquist}, L.},
    title = "{Seeding the Formation of Cold Gaseous Clouds in Milky Way-Size Halos}",
  journal = {\apjl},
archivePrefix = "arXiv",
   eprint = {0905.2186},
 primaryClass = "astro-ph.CO",
 keywords = {galaxies: formation, Galaxy: halo, Galaxy: formation, instabilities, methods: numerical},
     year = 2009,
    month = jul,
   volume = 700,
    pages = {L1-L5},
      doi = {10.1088/0004-637X/700/1/L1},
   adsurl = {http://adsabs.harvard.edu/abs/2009ApJ...700L...1K},
  adsnote = {Provided by the SAO/NASA Astrophysics Data System}
}
%Summary:



%Kim, T.S. et al. 2007, MNRAS, 382, 1657
@ARTICLE{2007MNRAS.382.1657K,
   author = {{Kim}, T.-S. and {Bolton}, J.~S. and {Viel}, M. and {Haehnelt}, M.~G. and 
	{Carswell}, R.~F.},
    title = "{An improved measurement of the flux distribution of the Ly{$\alpha$} forest in QSO absorption spectra: the effect of continuum fitting, metal contamination and noise properties}",
  journal = {\mnras},
archivePrefix = "arXiv",
   eprint = {0711.1862},
 keywords = {intergalactic medium, quasars: absorption lines, cosmology: observations},
     year = 2007,
    month = dec,
   volume = 382,
    pages = {1657-1674},
      doi = {10.1111/j.1365-2966.2007.12406.x},
   adsurl = {http://adsabs.harvard.edu/abs/2007MNRAS.382.1657K},
  adsnote = {Provided by the SAO/NASA Astrophysics Data System}
}
%Summary:



%Lanzetta et al 1995
@ARTICLE{1995ApJ...442..538L,
   author = {{Lanzetta}, K.~M. and {Bowen}, D.~V. and {Tytler}, D. and {Webb}, J.~K.
	},
    title = "{The gaseous extent of galaxies and the origin of Lyman-alpha absorption systems: A survey of galaxies in the fields of Hubble Space Telescope spectroscopic target QSOs}",
  journal = {\apj},
 keywords = {Absorption Spectra, Faint Objects, Galactic Halos, Galaxies, Lyman Alpha Radiation, Quasars, Sky Surveys (Astronomy), Ultraviolet Astronomy, Astronomical Spectroscopy, Data Reduction, Image Analysis, Spectrum Analysis, Statistical Analysis, Ultraviolet Spectra},
     year = 1995,
    month = apr,
   volume = 442,
    pages = {538-568},
      doi = {10.1086/175459},
   adsurl = {http://adsabs.harvard.edu/abs/1995ApJ...442..538L},
  adsnote = {Provided by the SAO/NASA Astrophysics Data System}
}
%Summary:


%Lehner et al. 2007, ApJ, 658, 680L
@ARTICLE{2007ApJ...658..680L,
   author = {{Lehner}, N. and {Savage}, B.~D. and {Richter}, P. and {Sembach}, K.~R. and 
	{Tripp}, T.~M. and {Wakker}, B.~P.},
    title = "{Physical Properties, Baryon Content, and Evolution of the Ly{$\alpha$} Forest: New Insights from High-Resolution Observations at z $\lt$\~{} 0.4}",
  journal = {\apj},
   eprint = {astro-ph/0612275},
 keywords = {Cosmology: Observations, Galaxies: Intergalactic Medium, Galaxies: Quasars: Absorption Lines},
     year = 2007,
    month = apr,
   volume = 658,
    pages = {680-709},
      doi = {10.1086/511749},
   adsurl = {http://adsabs.harvard.edu/abs/2007ApJ...658..680L},
  adsnote = {Provided by the SAO/NASA Astrophysics Data System}
}
% Lya forest at z<0.2 study. 20% of total baryons are in the hot ionized medium traced by broad Lya absorbers, 30% is in the cool, photoionized IGM traced by narrow Lya absorbers.


%Liang, C.J. & Chen, H.W. 2014, MNRAS, 445, 2061
@ARTICLE{2014MNRAS.445.2061L,
   author = {{Liang}, C.~J. and {Chen}, H.-W.},
    title = "{Mining circumgalactic baryons in the low-redshift universe}",
  journal = {\mnras},
archivePrefix = "arXiv",
   eprint = {1402.3602},
 keywords = {survey, galaxies: dwarf, galaxies: haloes, intergalactic medium, quasars: absorption lines},
     year = 2014,
    month = dec,
   volume = 445,
    pages = {2061-2081},
      doi = {10.1093/mnras/stu1901},
   adsurl = {http://adsabs.harvard.edu/abs/2014MNRAS.445.2061L},
  adsnote = {Provided by the SAO/NASA Astrophysics Data System}
}
%Summary: 111 galaxy-qso pairs with mean redshift of z=0.023, concentrating on CIV absorption. No heavy elements at R>0.5R_h (R_h is DM halo radius, computed with an estimate of the DM halo mass using Behroozi et al 2013 stellar mass - halo mass relation), with covering fraction upper limit of 4%. 94% HI covering fraction within 100kpc, , 65% over 100-500kpc range. 25% CII , 53% CIV covering fraction within 100kpc, 4%, 6$ in the 100-500kpc range. They cite increased ionizing radiation field for low amounts of CII. This paper is not very good.



%Lundgren, B.F., et al. 2009, ApJ, 698, 819
@ARTICLE{2009ApJ...698..819L,
   author = {{Lundgren}, B.~F. and {Brunner}, R.~J. and {York}, D.~G. and 
	{Ross}, A.~J. and {Quashnock}, J.~M. and {Myers}, A.~D. and 
	{Schneider}, D.~P. and {Al Sayyad}, Y. and {Bahcall}, N.},
    title = "{A Cross-Correlation Analysis of Mg II Absorption Line Systems and Luminous Red Galaxies from the SDSS DR5}",
  journal = {\apj},
archivePrefix = "arXiv",
   eprint = {0902.4003},
 primaryClass = "astro-ph.CO",
 keywords = {quasars: general},
     year = 2009,
    month = jun,
   volume = 698,
    pages = {819-839},
      doi = {10.1088/0004-637X/698/1/819},
   adsurl = {http://adsabs.harvard.edu/abs/2009ApJ...698..819L},
  adsnote = {Provided by the SAO/NASA Astrophysics Data System}
}
%Summary: Includes description of the MgII identifying algorithm.



%Mathes, N.L. et al. 2014, ApJ, 792, 128
@ARTICLE{2014ApJ...792..128M,
   author = {{Mathes}, N.~L. and {Churchill}, C.~W. and {Kacprzak}, G.~G. and 
	{Nielsen}, N.~M. and {Trujillo-Gomez}, S. and {Charlton}, J. and 
	{Muzahid}, S.},
    title = "{Halo Mass Dependence of H I and O VI Absorption: Evidence for Differential Kinematics}",
  journal = {\apj},
archivePrefix = "arXiv",
   eprint = {1406.2314},
 keywords = {galaxies: evolution, galaxies: halos, intergalactic medium, quasars: absorption lines},
     year = 2014,
    month = sep,
   volume = 792,
      eid = {128},
    pages = {128},
      doi = {10.1088/0004-637X/792/2/128},
   adsurl = {http://adsabs.harvard.edu/abs/2014ApJ...792..128M},
  adsnote = {Provided by the SAO/NASA Astrophysics Data System}
}
%Summary: Lya, Lyb and OVI absorption with COS and STIS near 14 galaxies, looking for escape fractions as functions of distance/R_vir and galaxy mass.



%McLin, K.  et al. 2002, ApJL, 574, L115
@ARTICLE{2002ApJ...574L.115M,
   author = {{McLin}, K.~M. and {Stocke}, J.~T. and {Weymann}, R.~J. and 
	{Penton}, S.~V. and {Shull}, J.~M.},
    title = "{The Local Ly{$\alpha$} Forest: Absorbers in Galaxy Voids}",
  journal = {\apjl},
   eprint = {astro-ph/0206384},
 keywords = {Galaxies: Halos, Galaxies: Intergalactic Medium, Cosmology: Large-Scale Structure of Universe, Galaxies: Quasars: Absorption Lines},
     year = 2002,
    month = aug,
   volume = 574,
    pages = {L115-L118},
      doi = {10.1086/342419},
   adsurl = {http://adsabs.harvard.edu/abs/2002ApJ...574L.115M},
  adsnote = {Provided by the SAO/NASA Astrophysics Data System}
}


%Meiksin, A.A. 2009, RevModPhy, 81, 1405
@ARTICLE{2009RvMP...81.1405M,
   author = {{Meiksin}, A.~A.},
    title = "{The physics of the intergalactic medium}",
  journal = {Reviews of Modern Physics},
archivePrefix = "arXiv",
   eprint = {0711.3358},
 keywords = {Atomic processes and interactions, Dark matter, Intergalactic matter, quasar absorption and emission-line systems, Lyman forest, Cosmology},
     year = 2009,
    month = oct,
   volume = 81,
    pages = {1405-1469},
      doi = {10.1103/RevModPhys.81.1405},
   adsurl = {http://adsabs.harvard.edu/abs/2009RvMP...81.1405M},
  adsnote = {Provided by the SAO/NASA Astrophysics Data System}
}



%Oppenheimer, B.D., \& Dav{\'e}, R.\ 2009, MNRAS, 395, 1875
@ARTICLE{2009MNRAS.395.1875O,
   author = {{Oppenheimer}, B.~D. and {Dav{\'e}}, R.},
    title = "{The nature and origin of low-redshift OVI absorbers}",
  journal = {\mnras},
archivePrefix = "arXiv",
   eprint = {0806.2866},
 keywords = {methods: numerical , galaxies: evolution , intergalactic medium , cosmology: theory},
     year = 2009,
    month = jun,
   volume = 395,
    pages = {1875-1904},
      doi = {10.1111/j.1365-2966.2009.14676.x},
   adsurl = {http://adsabs.harvard.edu/abs/2009MNRAS.395.1875O},
  adsnote = {Provided by the SAO/NASA Astrophysics Data System}
}



%Oppenheimer, B.D. et al. 2012, MNRAS, 420, 829
@ARTICLE{2012MNRAS.420..829O,
   author = {{Oppenheimer}, B.~D. and {Dav{\'e}}, R. and {Katz}, N. and {Kollmeier}, J.~A. and 
	{Weinberg}, D.~H.},
    title = "{The intergalactic medium over the last 10 billion years - II. Metal-line absorption and physical conditions}",
  journal = {\mnras},
archivePrefix = "arXiv",
   eprint = {1106.1444},
 primaryClass = "astro-ph.CO",
 keywords = {methods: numerical, galaxies: formation, intergalactic medium, quasars: absorption lines, cosmology: theory},
     year = 2012,
    month = feb,
   volume = 420,
    pages = {829-859},
      doi = {10.1111/j.1365-2966.2011.20096.x},
   adsurl = {http://adsabs.harvard.edu/abs/2012MNRAS.420..829O},
  adsnote = {Provided by the SAO/NASA Astrophysics Data System}
}

%Penton et al. 2002, ApJ, 565, 720
@ARTICLE{2002ApJ...565..720P,
   author = {{Penton}, S.~V. and {Stocke}, J.~T. and {Shull}, J.~M.},
    title = "{The Local Ly{$\alpha$} Forest. III. Relationship between Ly{$\alpha$} Absorbers and Galaxies, Voids, and Superclusters}",
  journal = {\apj},
   eprint = {astro-ph/0109277},
 keywords = {Galaxies: Halos, Galaxies: Intergalactic Medium, Galaxies: Quasars: Absorption Lines, Ultraviolet: Galaxies},
     year = 2002,
    month = feb,
   volume = 565,
    pages = {720-742},
      doi = {10.1086/324483},
   adsurl = {http://adsabs.harvard.edu/abs/2002ApJ...565..720P},
  adsnote = {Provided by the SAO/NASA Astrophysics Data System}
}
% Support for filaments and Lya following large scale structure. Baryon fraction is 4.5% in voids


% Penton et al. 2004, ApJS, 152, 29P
@ARTICLE{2004ApJS..152...29P,
   author = {{Penton}, S.~V. and {Stocke}, J.~T. and {Shull}, J.~M.},
    title = "{The Local Ly{$\alpha$} Forest. IV. Space Telescope Imaging Spectrograph G140M Spectra and Results on the Distribution and Baryon Content of H I Absorbers}",
  journal = {\apjs},
   eprint = {astro-ph/0401036},
 keywords = {Galaxies: Intergalactic Medium, Galaxies: Quasars: Absorption Lines, Ultraviolet: Galaxies},
     year = 2004,
    month = may,
   volume = 152,
    pages = {29-62},
      doi = {10.1086/382877},
   adsurl = {http://adsabs.harvard.edu/abs/2004ApJS..152...29P},
  adsnote = {Provided by the SAO/NASA Astrophysics Data System}
}
% photoionized IGM contains 29% of total baryons at z=0


%Prochaska, J.X. 2006, ApJ, 643, 680
@ARTICLE{2006ApJ...643..680P,
   author = {{Prochaska}, J.~X. and {Weiner}, B.~J. and {Chen}, H.-W. and 
	{Mulchaey}, J.~S.},
    title = "{Probing the Intergalactic Medium-Galaxy Connection toward PKS 0405-123. III. The Galaxy Survey and Correlations with O VI Absorbers}",
  journal = {\apj},
   eprint = {astro-ph/0602172},
 keywords = {Galaxies: Quasars: Absorption Lines},
     year = 2006,
    month = jun,
   volume = 643,
    pages = {680-691},
      doi = {10.1086/503184},
   adsurl = {http://adsabs.harvard.edu/abs/2006ApJ...643..680P},
  adsnote = {Provided by the SAO/NASA Astrophysics Data System}
}
%Summary:



%Prochaska, J.X. 2011, ApJ, 740, 91
@ARTICLE{2011ApJ...740...91P,
   author = {{Prochaska}, J.~X. and {Weiner}, B. and {Chen}, H.-W. and {Mulchaey}, J. and 
	{Cooksey}, K.},
    title = "{Probing the Intergalactic Medium/Galaxy Connection. V. On the Origin of Ly{$\alpha$} and O VI Absorption at z {\lt} 0.2}",
  journal = {\apj},
archivePrefix = "arXiv",
   eprint = {1103.1891},
 primaryClass = "astro-ph.CO",
 keywords = {galaxies: structure, intergalactic medium, large-scale structure of universe, quasars: absorption lines},
     year = 2011,
    month = oct,
   volume = 740,
      eid = {91},
    pages = {91},
      doi = {10.1088/0004-637X/740/2/91},
   adsurl = {http://adsabs.harvard.edu/abs/2011ApJ...740...91P},
  adsnote = {Provided by the SAO/NASA Astrophysics Data System}
}
%Summary:


@INPROCEEDINGS{2009astro2010S.241P,
   author = {{Putman}, M.~E. and {Henning}, P. and {Bolatto}, A. and {Keres}, D. and 
	{Pisano}, D.~J. and {Rosenberg}, J. and {Bigiel}, F. and {Bryan}, G. and 
	{Calzetti}, D. and {Carilli}, C. and {Charlton}, J. and {Chen}, H.-W. and 
	{Darling}, J. and {Gibson}, S. and {Gnedin}, N. and {Gnedin}, O. and 
	{Heitsch}, F. and {Hunter}, D. and {Kannappan}, S. and {Krumholz}, M. and 
	{Lazarian}, A. and {Lasio}, J. and {Leroy}, A. and {Lockman}, F.~J. and 
	{Mac Low}, M. and {Maller}, A. and {Meurer}, G. and {O'Neil}, K. and 
	{Ostriker}, J. and {Peek}, J.~E.~G. and {Prochaska}, J.~X. and 
	{Rand}, R. and {Robertson}, B. and {Schiminovich}, D. and {Simon}, J. and 
	{Stanimirovic}, S. and {Thilker}, D. and {Thom}, C. and {Tinker}, J. and 
	{Wakker}, B. and {Weiner}, B. and {van der Hulst}, J.~M. and 
	{Wolfe}, A. and {Wong}, O.~I. and {Young}, L.},
    title = "{How do galaxies accrete gas and form stars?}",
booktitle = {astro2010: The Astronomy and Astrophysics Decadal Survey},
     year = 2009,
   series = {Astronomy},
   volume = 2010,
archivePrefix = "arXiv",
   eprint = {0902.4717},
 primaryClass = "astro-ph.CO",
    pages = {241},
   adsurl = {http://adsabs.harvard.edu/abs/2009astro2010S.241P},
  adsnote = {Provided by the SAO/NASA Astrophysics Data System}
}
%Summary:



@ARTICLE{2009arXiv0907.1023P,
   author = {{Putman}, M.~E. and {Peek}, J.~E.~G. and {Heitsch}, F.},
    title = "{The Accretion of Fuel at the Disk-Halo Interface}",
  journal = {ArXiv e-prints},
archivePrefix = "arXiv",
   eprint = {0907.1023},
 primaryClass = "astro-ph.GA",
 keywords = {Astrophysics - Galaxy Astrophysics, Astrophysics - Cosmology and Extragalactic Astrophysics},
     year = 2009,
    month = jul,
   adsurl = {http://adsabs.harvard.edu/abs/2009arXiv0907.1023P},
  adsnote = {Provided by the SAO/NASA Astrophysics Data System}
}
%Summary:



@ARTICLE{2012ApJ...750...67R,
   author = {{Rudie}, G.~C. and {Steidel}, C.~C. and {Trainor}, R.~F. and 
	{Rakic}, O. and {Bogosavljevi{\'c}}, M. and {Pettini}, M. and 
	{Reddy}, N. and {Shapley}, A.~E. and {Erb}, D.~K. and {Law}, D.~R.
	},
    title = "{The Gaseous Environment of High-z Galaxies: Precision Measurements of Neutral Hydrogen in the Circumgalactic Medium of z \~{} 2-3 Galaxies in the Keck Baryonic Structure Survey}",
  journal = {\apj},
archivePrefix = "arXiv",
   eprint = {1202.6055},
 primaryClass = "astro-ph.CO",
 keywords = {cosmology: observations, galaxies: evolution, galaxies: formation, galaxies: high-redshift, intergalactic medium, quasars: absorption lines},
     year = 2012,
    month = may,
   volume = 750,
      eid = {67},
    pages = {67},
      doi = {10.1088/0004-637X/750/1/67},
   adsurl = {http://adsabs.harvard.edu/abs/2012ApJ...750...67R},
  adsnote = {Provided by the SAO/NASA Astrophysics Data System}
}
%Summary: 



@ARTICLE{2012ApJ...757L..30R,
   author = {{Rudie}, G.~C. and {Steidel}, C.~C. and {Pettini}, M.},
    title = "{The Temperature-Density Relation in the Intergalactic Medium at Redshift langzrang = 2.4}",
  journal = {\apjl},
archivePrefix = "arXiv",
   eprint = {1209.0005},
 primaryClass = "astro-ph.CO",
 keywords = {intergalactic medium, quasars: absorption lines},
     year = 2012,
    month = oct,
   volume = 757,
      eid = {L30},
    pages = {L30},
      doi = {10.1088/2041-8205/757/2/L30},
   adsurl = {http://adsabs.harvard.edu/abs/2012ApJ...757L..30R},
  adsnote = {Provided by the SAO/NASA Astrophysics Data System}
}
%Summary: 6000 HI absorbers are fit with Voigt profiles, and they find a positive correlation between the column density (N_HI) and the minimum observed velocity width of absorbers (b_min). "Absorbers having only thermal broadening are expected to have the smallest b_d at a given N_HI, b_min." From KBSS-HIRES data, 2 < z < 3



@ARTICLE{2013ApJ...769..146R,
   author = {{Rudie}, G.~C. and {Steidel}, C.~C. and {Shapley}, A.~E. and 
	{Pettini}, M.},
    title = "{The Column Density Distribution and Continuum Opacity of the Intergalactic and Circumgalactic Medium at Redshift langzrang = 2.4}",
  journal = {\apj},
archivePrefix = "arXiv",
   eprint = {1304.6719},
 primaryClass = "astro-ph.CO",
 keywords = {intergalactic medium, quasars: absorption lines},
     year = 2013,
    month = jun,
   volume = 769,
      eid = {146},
    pages = {146},
      doi = {10.1088/0004-637X/769/2/146},
   adsurl = {http://adsabs.harvard.edu/abs/2013ApJ...769..146R},
  adsnote = {Provided by the SAO/NASA Astrophysics Data System}
}
%Summary: 


% Savage et al. 2014, ApJS, 212, 8S
@ARTICLE{2014ApJS..212....8S,
   author = {{Savage}, B.~D. and {Kim}, T.-S. and {Wakker}, B.~P. and {Keeney}, B. and 
	{Shull}, J.~M. and {Stocke}, J.~T. and {Green}, J.~C.},
    title = "{The Properties of Low Redshift Intergalactic O VI Absorbers Determined from High S/N Observations of 14 QSOs with the Cosmic Origins Spectrograph}",
  journal = {\apjs},
archivePrefix = "arXiv",
   eprint = {1403.7542},
 keywords = {galaxies: halos, intergalactic medium, plasmas, quasars: absorption lines},
     year = 2014,
    month = may,
   volume = 212,
      eid = {8},
    pages = {8},
      doi = {10.1088/0067-0049/212/1/8},
   adsurl = {http://adsabs.harvard.edu/abs/2014ApJS..212....8S},
  adsnote = {Provided by the SAO/NASA Astrophysics Data System}
}
% Summary: OVI absorbers. More than 1/2 of OVI absorption occurs beyond 200kpc (1R_vir)


%Shull, J.M., Smith, B.~D., \& Danforth, C.W. 2012, ApJ 759, 23
@ARTICLE{2012ApJ...759...23S,
   author = {{Shull}, J.~M. and {Smith}, B.~D. and {Danforth}, C.~W.},
    title = "{The Baryon Census in a Multiphase Intergalactic Medium: 30\% of the Baryons May Still be Missing}",
  journal = {\apj},
archivePrefix = "arXiv",
   eprint = {1112.2706},
 primaryClass = "astro-ph.CO",
 keywords = {cosmological parameters, intergalactic medium, quasars: absorption lines},
     year = 2012,
    month = nov,
   volume = 759,
      eid = {23},
    pages = {23},
      doi = {10.1088/0004-637X/759/1/23},
   adsurl = {http://adsabs.harvard.edu/abs/2012ApJ...759...23S},
  adsnote = {Provided by the SAO/NASA Astrophysics Data System}
}
%Summary:



%Smith, B.D. et al. 2011, ApJ, 731, 6
@ARTICLE{2011ApJ...731....6S,
   author = {{Smith}, B.~D. and {Hallman}, E.~J. and {Shull}, J.~M. and {O'Shea}, B.~W.
	},
    title = "{The Nature of the Warm/Hot Intergalactic Medium. I. Numerical Methods, Convergence, and O VI Absorption}",
  journal = {\apj},
archivePrefix = "arXiv",
   eprint = {1009.0261},
 primaryClass = "astro-ph.CO",
 keywords = {cosmology: observations, intergalactic medium, quasars: absorption lines},
     year = 2011,
    month = apr,
   volume = 731,
      eid = {6},
    pages = {6},
      doi = {10.1088/0004-637X/731/1/6},
   adsurl = {http://adsabs.harvard.edu/abs/2011ApJ...731....6S},
  adsnote = {Provided by the SAO/NASA Astrophysics Data System}
}
%Summary:




%Steidel et al. 2010, ApJ, 717, 289
@ARTICLE{2010ApJ...717..289S,
   author = {{Steidel}, C.~C. and {Erb}, D.~K. and {Shapley}, A.~E. and {Pettini}, M. and 
	{Reddy}, N. and {Bogosavljevi{\'c}}, M. and {Rudie}, G.~C. and 
	{Rakic}, O.},
    title = "{The Structure and Kinematics of the Circumgalactic Medium from Far-ultraviolet Spectra of z \~{}= 2-3 Galaxies}",
  journal = {\apj},
archivePrefix = "arXiv",
   eprint = {1003.0679},
 primaryClass = "astro-ph.CO",
 keywords = {cosmology: observations, galaxies: evolution, galaxies: high-redshift},
     year = 2010,
    month = jul,
   volume = 717,
    pages = {289-322},
      doi = {10.1088/0004-637X/717/1/289},
   adsurl = {http://adsabs.harvard.edu/abs/2010ApJ...717..289S},
  adsnote = {Provided by the SAO/NASA Astrophysics Data System}
}
%Summary: Use background galaxies instead of quasars, 2 < z < 3, b <= 125 kpc.


@ARTICLE{2011ApJ...738...39S,
   author = {{Stewart}, K.~R. and {Kaufmann}, T. and {Bullock}, J.~S. and 
	{Barton}, E.~J. and {Maller}, A.~H. and {Diemand}, J. and {Wadsley}, J.
	},
    title = "{Orbiting Circumgalactic Gas as a Signature of Cosmological Accretion}",
  journal = {\apj},
archivePrefix = "arXiv",
   eprint = {1103.4388},
 primaryClass = "astro-ph.CO",
 keywords = {galaxies: evolution, galaxies: formation, galaxies: halos, methods: numerical, quasars: absorption lines},
     year = 2011,
    month = sep,
   volume = 738,
      eid = {39},
    pages = {39},
      doi = {10.1088/0004-637X/738/1/39},
   adsurl = {http://adsabs.harvard.edu/abs/2011ApJ...738...39S},
  adsnote = {Provided by the SAO/NASA Astrophysics Data System}
}
%Summary: Simulations showing CGM gas following the rotation of the galaxy.



@ARTICLE{2013ApJ...763..148S,
   author = {{Stocke}, J.~T. and {Keeney}, B.~A. and {Danforth}, C.~W. and 
	{Shull}, J.~M. and {Froning}, C.~S. and {Green}, J.~C. and {Penton}, S.~V. and 
	{Savage}, B.~D.},
    title = "{Characterizing the Circumgalactic Medium of Nearby Galaxies with HST/COS and HST/STIS Absorption-line Spectroscopy}",
  journal = {\apj},
archivePrefix = "arXiv",
   eprint = {1212.5658},
 primaryClass = "astro-ph.CO",
 keywords = {galaxies: dwarf, galaxies: groups: general, galaxies: halos, galaxies: spiral, intergalactic medium, quasars: absorption lines},
     year = 2013,
    month = feb,
   volume = 763,
      eid = {148},
    pages = {148},
      doi = {10.1088/0004-637X/763/2/148},
   adsurl = {http://adsabs.harvard.edu/abs/2013ApJ...763..148S},
  adsnote = {Provided by the SAO/NASA Astrophysics Data System}
}
%Summary: 11 COS and 35 STIS/FUSE QSO/galaxy pairs at z<0.2. 5% of Lya absorbers are within the virial radius of a galaxy (95% is IGM vs CGM). Covering fraction of warm gas clouds is ~1 inside 0.5R_vir, decreasing to ~.75 out to 1R_vir. Closer absorbers are metal bearing and probably galactic fountains, and absorbers at b>150kpc  or delta_v >250km/s are generally Lya only. CGM volume filling factor of ~4% for MW size galaxies, meaning most highly ionized SiIII HVCs are close CGM clouds. Total baryons found in warm CGM inside 1 R_vir plus warm-hot OVI traced gas is comparable to baryons in the disk (stars, gas, dust). CGM cloud pressure does not change with impact parameter - possibly due to hot, intra-cloud medium with constant pressure. 




@ARTICLE{2012MNRAS.425..245T,
   author = {{Tejos}, N. and {Morris}, S.~L. and {Crighton}, N.~H.~M. and 
	{Theuns}, T. and {Altay}, G. and {Finn}, C.~W.},
    title = "{Large-scale structure in absorption: gas within and around galaxy voids}",
  journal = {\mnras},
archivePrefix = "arXiv",
   eprint = {1205.2697},
 primaryClass = "astro-ph.CO",
 keywords = {galaxies: formation, intergalactic medium, quasars: absorption lines, large-scale structure of Universe },
     year = 2012,
    month = sep,
   volume = 425,
    pages = {245-260},
      doi = {10.1111/j.1365-2966.2012.21448.x},
   adsurl = {http://adsabs.harvard.edu/abs/2012MNRAS.425..245T},
  adsnote = {Provided by the SAO/NASA Astrophysics Data System}
}
%Summary: Clustering analysis for HI Lya and galaxies. 



@ARTICLE{2014MNRAS.437.2017T,
   author = {{Tejos}, N. and {Morris}, S.~L. and {Finn}, C.~W. and {Crighton}, N.~H.~M. and 
	{Bechtold}, J. and {Jannuzi}, B.~T. and {Schaye}, J. and {Theuns}, T. and 
	{Altay}, G. and {Le F{\`e}vre}, O. and {Ryan-Weber}, E. and 
	{Dav{\'e}}, R.},
    title = "{On the connection between the intergalactic medium and galaxies: the H I-galaxy cross-correlation at z {\lsim} 1}",
  journal = {\mnras},
archivePrefix = "arXiv",
   eprint = {1309.5950},
 primaryClass = "astro-ph.CO",
 keywords = {galaxies: formation, intergalactic medium, quasars: absorption lines, large-scale structure of Universe},
     year = 2014,
    month = jan,
   volume = 437,
    pages = {2017-2075},
      doi = {10.1093/mnras/stt1844},
   adsurl = {http://adsabs.harvard.edu/abs/2014MNRAS.437.2017T},
  adsnote = {Provided by the SAO/NASA Astrophysics Data System}
}
%Summary: Lost of clustering analysis, probabilities of finding SF, nonSF, and HI absorption systems near each other. Equally likely you'll find a N(HI)>10^14 absorber or another galaxy near a SF galaxy, less likely for weaker HI. LOS velocity distortions for HI-galaxy correlations no larger than redshift uncertainties. Strong HI and SF galaxies are roughly distributed in the same locations.



%Thom et al 2012
@ARTICLE{2012ApJ...758L..41T,
   author = {{Thom}, C. and {Tumlinson}, J. and {Werk}, J.~K. and {Prochaska}, J.~X. and 
	{Oppenheimer}, B.~D. and {Peeples}, M.~S. and {Tripp}, T.~M. and 
	{Katz}, N.~S. and {O'Meara}, J.~M. and {Ford}, A.~B. and {Dav{\'e}}, R. and 
	{Sembach}, K.~R. and {Weinberg}, D.~H.},
    title = "{Not Dead Yet: Cool Circumgalactic Gas in the Halos of Early-type Galaxies}",
  journal = {\apjl},
archivePrefix = "arXiv",
   eprint = {1209.5442},
 primaryClass = "astro-ph.CO",
 keywords = {galaxies: formation, galaxies: halos, intergalactic medium, quasars: absorption lines},
     year = 2012,
    month = oct,
   volume = 758,
      eid = {L41},
    pages = {L41},
      doi = {10.1088/2041-8205/758/2/L41},
   adsurl = {http://adsabs.harvard.edu/abs/2012ApJ...758L..41T},
  adsnote = {Provided by the SAO/NASA Astrophysics Data System}
}
%Summary:


%Tripp, T.M., Lu, L., & Savage, B.D. 1998, ApJ, 508, 200
@ARTICLE{1998ApJ...508..200T,
   author = {{Tripp}, T.~M. and {Lu}, L. and {Savage}, B.~D.},
    title = "{The Relationship between Galaxies and Low-Redshift Weak Ly{$\alpha$} Absorbers in the Directions of H1821+643 and PG 1116+215}",
  journal = {\apj},
   eprint = {astro-ph/9806036},
 keywords = {GALAXIES: DISTANCES AND REDSHIFTS, QUASARS: INDIVIDUAL (H1821+643), QUASARS: INDIVIDUAL (PG 1116+215), GALAXIES: QUASARS: ABSORPTION LINES, galaxies: distances and redshifts -- quasars: individual (H1821+643), galaxies: distances and redshifts -- quasars: individual (PG 1116+215), Galaxies: Quasars: Absorption Lines},
     year = 1998,
    month = nov,
   volume = 508,
    pages = {200-231},
      doi = {10.1086/306397},
   adsurl = {http://adsabs.harvard.edu/abs/1998ApJ...508..200T},
  adsnote = {Provided by the SAO/NASA Astrophysics Data System}
}
%Summary: GHRS observations of two quasars, with 39 Lya lines, and 17 absorber-galaxy pairs.


%Tripp, T.M., et al. 2006, ASPC, 348, 341
@INPROCEEDINGS{2006ASPC..348..341T,
   author = {{Tripp}, T.~M. and {Bowen}, D.~V. and {Sembach}, K.~R. and {Jenkins}, E.~B. and 
	{Savage}, B.~D. and {Richter}, P.},
    title = "{Missing Baryons in the Warm-Hot Intergalactic Medium}",
booktitle = {Astrophysics in the Far Ultraviolet: Five Years of Discovery with FUSE},
     year = 2006,
   series = {Astronomical Society of the Pacific Conference Series},
   volume = 348,
   editor = {{Sonneborn}, G. and {Moos}, H.~W. and {Andersson}, B.-G.},
    month = jun,
    pages = {341},
   adsurl = {http://adsabs.harvard.edu/abs/2006ASPC..348..341T},
  adsnote = {Provided by the SAO/NASA Astrophysics Data System}
}
%Summary: Summary of missing baryon problem, concentrating on OVI measurements.


%Tripp, T.M., Aracil, B., Bowen, D.V., and Jenkins, E.B. 2006, ApJ, 643, 77
@ARTICLE{2006ApJ...643L..77T,
   author = {{Tripp}, T.~M. and {Aracil}, B. and {Bowen}, D.~V. and {Jenkins}, E.~B.
	},
    title = "{The O VI Absorbers toward PG 0953+415: High-Metallicity, Cosmic-Web Gas Far from Luminous Galaxies}",
  journal = {\apjl},
   eprint = {astro-ph/0604415},
 keywords = {Galaxies: Intergalactic Medium, Galaxies: Quasars: Absorption Lines, Galaxies: Quasars: Individual: Alphanumeric: PG 0953+415},
     year = 2006,
    month = jun,
   volume = 643,
    pages = {L77-L82},
      doi = {10.1086/505264},
   adsurl = {http://adsabs.harvard.edu/abs/2006ApJ...643L..77T},
  adsnote = {Provided by the SAO/NASA Astrophysics Data System}
}
%Summary: Gemini galaxy survey around two OVI systems in QSO sightline. One has nearby galaxies, one does not. Kinematics suggest quiescent, photoionized material with high metallicity. Both appear in cosmic web filaments.


%Tripp, T.M. 2008 ApJS, 177, 39
@ARTICLE{2008ApJS..177...39T,
   author = {{Tripp}, T.~M. and {Sembach}, K.~R. and {Bowen}, D.~V. and {Savage}, B.~D. and 
	{Jenkins}, E.~B. and {Lehner}, N. and {Richter}, P.},
    title = "{A High-Resolution Survey of Low-Redshift QSO Absorption Lines: Statistics and Physical Conditions of O VI Absorbers}",
  journal = {\apjs},
archivePrefix = "arXiv",
   eprint = {0706.1214},
 keywords = {Cosmology: Observations, Galaxies: Intergalactic Medium, Galaxies: Quasars: Absorption Lines},
     year = 2008,
    month = jul,
   volume = 177,
    pages = {39-102},
      doi = {10.1086/587486},
   adsurl = {http://adsabs.harvard.edu/abs/2008ApJS..177...39T},
  adsnote = {Provided by the SAO/NASA Astrophysics Data System}
}
%Summary: OVI survey with STIS at z<0.5



%Tully, R.B. et al. 2013, AJ, 146, 86
@ARTICLE{2013AJ....146...86T,
   author = {{Tully}, R.~B. and {Courtois}, H.~M. and {Dolphin}, A.~E. and 
	{Fisher}, J.~R. and {H{\'e}raudeau}, P. and {Jacobs}, B.~A. and 
	{Karachentsev}, I.~D. and {Makarov}, D. and {Makarova}, L. and 
	{Mitronova}, S. and {Rizzi}, L. and {Shaya}, E.~J. and {Sorce}, J.~G. and 
	{Wu}, P.-F.},
    title = "{Cosmicflows-2: The Data}",
  journal = {\aj},
archivePrefix = "arXiv",
   eprint = {1307.7213},
 primaryClass = "astro-ph.CO",
 keywords = {catalogs, galaxies: distances and redshifts},
     year = 2013,
    month = oct,
   volume = 146,
      eid = {86},
    pages = {86},
      doi = {10.1088/0004-6256/146/4/86},
   adsurl = {http://adsabs.harvard.edu/abs/2013AJ....146...86T},
  adsnote = {Provided by the SAO/NASA Astrophysics Data System}
}
%Summary:



@ARTICLE{2011ApJ...733..111T,
   author = {{Tumlinson}, J. and {Werk}, J.~K. and {Thom}, C. and {Meiring}, J.~D. and 
	{Prochaska}, J.~X. and {Tripp}, T.~M. and {O'Meara}, J.~M. and 
	{Okrochkov}, M. and {Sembach}, K.~R.},
    title = "{Multiphase Gas in Galaxy Halos: The O VI Lyman-limit System toward J1009+0713}",
  journal = {\apj},
archivePrefix = "arXiv",
   eprint = {1103.5252},
 keywords = {galaxies: formation, galaxies: halos, intergalactic medium, quasars: absorption lines},
     year = 2011,
    month = jun,
   volume = 733,
      eid = {111},
    pages = {111},
      doi = {10.1088/0004-637X/733/2/111},
   adsurl = {http://adsabs.harvard.edu/abs/2011ApJ...733..111T},
  adsnote = {Provided by the SAO/NASA Astrophysics Data System}
}
%Summary: "This highly ionized, multiphase, possibly low-metallicity halo gas resembles gas with similar properties in the Milky Way halo and other low-redshift LLS, suggesting that at least some other galaxies have their star formation fueled by metal-poor gas accreting from the intergalactic medium and ionized by the stars in the host galaxy."




@ARTICLE{2011MNRAS.414.2458V,
   author = {{van de Voort}, F. and {Schaye}, J. and {Booth}, C.~M. and {Haas}, M.~R. and 
	{Dalla Vecchia}, C.},
    title = "{The rates and modes of gas accretion on to galaxies and their gaseous haloes}",
  journal = {\mnras},
archivePrefix = "arXiv",
   eprint = {1011.2491},
 primaryClass = "astro-ph.CO",
 keywords = {galaxies: evolution, galaxies: formation, intergalactic medium, cosmology: theory},
     year = 2011,
    month = jul,
   volume = 414,
    pages = {2458-2478},
      doi = {10.1111/j.1365-2966.2011.18565.x},
   adsurl = {http://adsabs.harvard.edu/abs/2011MNRAS.414.2458V},
  adsnote = {Provided by the SAO/NASA Astrophysics Data System}
}
%Summary: GADGET-3 code. Rate of gas accretion onto haloes follows that of DM. Gas accretes mostly smoothly, and bimodally (maximum past temps either of order of the virial temp or < 10^5 K). Most stars form from cold mode accreted gas.



@ARTICLE{2012MNRAS.423.2991V,
   author = {{van de Voort}, F. and {Schaye}, J.},
    title = "{Properties of gas in and around galaxy haloes}",
  journal = {\mnras},
archivePrefix = "arXiv",
   eprint = {1111.5039},
 primaryClass = "astro-ph.CO",
 keywords = {galaxies: evolution, galaxies: formation, galaxies: haloes, intergalactic medium, cosmology: theory},
     year = 2012,
    month = jul,
   volume = 423,
    pages = {2991-3010},
      doi = {10.1111/j.1365-2966.2012.20949.x},
   adsurl = {http://adsabs.harvard.edu/abs/2012MNRAS.423.2991V},
  adsnote = {Provided by the SAO/NASA Astrophysics Data System}
}
%Summary: Cold mode gas has negative radial peculiar velocity (median is most negative around 0.5-1R_vir = inflowing, hot mode positive (but close to 0 around 0.5-1R_vir = outflowing). Differences decrease with increasing halo mass. More spread in metallicity in cold mode. Differences between modes vanishes around 0.1R_vir. Inflowing gas is denser, colder, has smaller cross section - confined to clumpy filaments in pressure EQ with hot-mode gas.



@ARTICLE{2009ApJS..182..378W,
   author = {{Wakker}, B.~P. and {Savage}, B.~D.},
    title = "{The Relationship Between Intergalactic H I/O VI and Nearby (z {\lt} 0.017) Galaxies}",
  journal = {\apjs},
archivePrefix = "arXiv",
   eprint = {0903.2259},
 primaryClass = "astro-ph.CO",
 keywords = {galaxies: evolution, galaxies: halos, intergalactic medium, ultraviolet: galaxies},
     year = 2009,
    month = may,
   volume = 182,
    pages = {378-467},
      doi = {10.1088/0067-0049/182/1/378},
   adsurl = {http://adsabs.harvard.edu/abs/2009ApJS..182..378W},
  adsnote = {Provided by the SAO/NASA Astrophysics Data System}
}
%Summary: 


% Wakker et al. 2015, ApJ, 814, 40W
@ARTICLE{2015ApJ...814...40W,
   author = {{Wakker}, B.~P. and {Hernandez}, A.~K. and {French}, D.~M. and 
	{Kim}, T.-S. and {Oppenheimer}, B.~D. and {Savage}, B.~D.},
    title = "{Nearby Galaxy Filaments and the Ly-alpha Forest: Confronting Simulations and the UV Background with Observations}",
  journal = {\apj},
archivePrefix = "arXiv",
   eprint = {1504.02539},
 keywords = {galaxies: halos, intergalactic medium, quasars: absorption lines, ultraviolet: general},
     year = 2015,
    month = nov,
   volume = 814,
      eid = {40},
    pages = {40},
      doi = {10.1088/0004-637X/814/1/40},
   adsurl = {http://adsabs.harvard.edu/abs/2015ApJ...814...40W},
  adsnote = {Provided by the SAO/NASA Astrophysics Data System}
}
%Summary: The filament paper


%Werk, J.K. et al. 2014, ApJ, 792, 8
@ARTICLE{2014ApJ...792....8W,
   author = {{Werk}, J.~K. and {Prochaska}, J.~X. and {Tumlinson}, J. and 
	{Peeples}, M.~S. and {Tripp}, T.~M. and {Fox}, A.~J. and {Lehner}, N. and 
	{Thom}, C. and {O'Meara}, J.~M. and {Ford}, A.~B. and {Bordoloi}, R. and 
	{Katz}, N. and {Tejos}, N. and {Oppenheimer}, B.~D. and {Dav{\'e}}, R. and 
	{Weinberg}, D.~H.},
    title = "{The COS-Halos Survey: Physical Conditions and Baryonic Mass in the Low-redshift Circumgalactic Medium}",
  journal = {\apj},
archivePrefix = "arXiv",
   eprint = {1403.0947},
 keywords = {galaxies: formation, galaxies: halos, intergalactic medium, quasars: absorption lines},
     year = 2014,
    month = sep,
   volume = 792,
      eid = {8},
    pages = {8},
      doi = {10.1088/0004-637X/792/1/8},
   adsurl = {http://adsabs.harvard.edu/abs/2014ApJ...792....8W},
  adsnote = {Provided by the SAO/NASA Astrophysics Data System}
}
%Summary: Using the COS-Halos data to study the missing baryon question, and what fraction resides in the CGM at low z (0.2).



%York, D.~G., et al. 2005, IAU Colloq.~199: Probing Galaxies through Quasar Absorption Lines, 58 
@INPROCEEDINGS{2005pgqa.conf...58Y,
   author = {{York}, D.~G. and {vanden Berk}, D. and {Richards}, G.~T. and 
	{Crotts}, A.~P.~S. and {Khare}, P. and {Lauroesch}, J. and {Lemoine}, M. and 
	{Burles}, S. and {Bernardi}, M. and {Castander}, F.~J. and {Frieman}, J. and 
	{Loveday}, J. and {Meiksin}, A. and {Nichol}, R. and {Schlegel}, D. and 
	{Schneider}, D.~P. and {Subbarao}, M. and {Stoughton}, C. and 
	{Szalay}, A. and {Yanny}, B. and {Alsayyad}, Y. and {Kumar}, A. and 
	{Lundgren}, B. and {Shanidze}, N. and {Vanlandingham}, J. and 
	{Wood}, M. and {Baugher}, B. and {Brinkmann}, J. and {Brunner}, R. and 
	{Fukugita}, M. and {Hall}, P.~B. and {Heckman}, T.~M. and {Hobbs}, L.~M. and 
	{Hogan}, C.~J. and {Hui}, L. and {Jenkins}, E.~B. and {Kunstz}, D. and 
	{Menard}, B. and {Nakamura}, O. and {Quashnock}, J.~M. and {Stein}, M. and 
	{Thakar}, A.~R. and {Turnshek}, D. and {Welty}, D.~E. and {SDSS Collaboration}
	},
    title = "{The Sloan Digital Sky Survey QSO absorption line catalogue}",
booktitle = {IAU Colloq. 199: Probing Galaxies through Quasar Absorption Lines},
     year = 2005,
   editor = {{Williams}, P. and {Shu}, C.-G. and {Menard}, B.},
    month = mar,
    pages = {58-64},
      doi = {10.1017/S1743921305002437},
   adsurl = {http://adsabs.harvard.edu/abs/2005pgqa.conf...58Y},
  adsnote = {Provided by the SAO/NASA Astrophysics Data System}
}
%Summary: Includes descriptions of the MgII identifying algorithm.

